@article{gneezy2006uncertainty,
  title={The uncertainty effect: When a risky prospect is valued less than its worst possible outcome},
  author={Gneezy, Uri and List, John A and Wu, George},
  journal={The Quarterly Journal of Economics},
  volume={121},
  number={4},
  pages={1283--1309},
  year={2006},
  publisher={MIT Press}
}

@article{coppock2019validating,
  title={Validating the demographic, political, psychological, and experimental results obtained from a new source of online survey respondents},
  author={Coppock, Alexander and McClellan, Oliver A},
  journal={Research \& Politics},
  volume={6},
  number={1},
  pages={2053168018822174},
  year={2019},
  publisher={SAGE Publications Sage UK: London, England}
}

@article{palan2018prolific,
  title={Prolific. acâ€”A subject pool for online experiments},
  author={Palan, Stefan and Schitter, Christian},
  journal={Journal of Behavioral and Experimental Finance},
  volume={17},
  pages={22--27},
  year={2018},
  publisher={Elsevier}
}

@article{gigerenzer2011natural,
  title={What are natural frequencies?},
  author={Gigerenzer, Gerd},
  journal={Bmj},
  volume={343},
  year={2011},
  publisher={British Medical Journal Publishing Group}
}

@book{ariely2008predictably,
  title={Predictably irrational},
  author={Ariely, Dan and Jones, Simon},
  year={2008},
  publisher={HarperCollins New York}
}